<?xml version="1.0" encoding="UTF-8"?><record xmlns="http://www.loc.gov/MARC21/slim" xmlns:cinclude="http://apache.org/cocoon/include/1.0" xmlns:zs="http://www.loc.gov/zing/srw/">
  <leader>00849cz  a2200157n  4500</leader>
  <controlfield tag="001">nb2009010376</controlfield>
  <controlfield tag="003">DLC</controlfield>
  <controlfield tag="005">20101005075052.0</controlfield>
  <controlfield tag="008">090428n| acannaabn          |n aaa      </controlfield>
  <datafield tag="010" ind1=" " ind2=" ">
    <subfield code="a">nb2009010376</subfield>
    <subfield code="z">no2009073296</subfield>
  </datafield>
  <datafield tag="035" ind1=" " ind2=" ">
    <subfield code="a">(Uk)007433397</subfield>
  </datafield>
  <datafield tag="040" ind1=" " ind2=" ">
    <subfield code="a">Uk</subfield>
    <subfield code="b">eng</subfield>
    <subfield code="c">Uk</subfield>
    <subfield code="d">DLC</subfield>
  </datafield>
  <datafield tag="100" ind1="1" ind2=" ">
    <subfield code="a">Rooney, David M.</subfield>
    <subfield code="q">(David Martin),</subfield>
    <subfield code="d">1952-</subfield>
  </datafield>
  <datafield tag="670" ind1=" " ind2=" ">
    <subfield code="a">A comparative study of three methods of inhibiting scour around a vertical circular cylinder, 1976:</subfield>
    <subfield code="b">t.p. (David M. Rooney)</subfield>
  </datafield>
  <datafield tag="670" ind1=" " ind2=" ">
    <subfield code="a">OCLC, 28 Apr. 2009</subfield>
    <subfield code="b">(hdg.: Rooney, David Martin, 1952-; usage: David M. Rooney)</subfield>
  </datafield>
  <datafield tag="670" ind1=" " ind2=" ">
    <subfield code="a">The wine of certitude, 2009:</subfield>
    <subfield code="b">t.p. (David Rooney) back cover (David M. Rooney, expert on the writings &amp; life of Ronald Knox; assoc. prof. of engineeting, Hofstra Univ., Hempstead, N.Y.; pub. articles &amp; bk. reviews in Catholic periodicals; member of American Catholic Historical Assn.)</subfield>
  </datafield>
</record>